%YAML 1.1
%TAG !u! tag:unity3d.com,2011:
--- !u!243 &-8719935990539891267
AudioMixerGroupController:
  m_ObjectHideFlags: 0
  m_CorrespondingSourceObject: {fileID: 0}
  m_PrefabInstance: {fileID: 0}
  m_PrefabAsset: {fileID: 0}
  m_Name: Music
  m_AudioMixer: {fileID: 24100000}
  m_GroupID: d6f420f57e1a1f748b5fee2db4928256
  m_Children: []
  m_Volume: 4f82e172dcd9c2f4ca24375c1f163822
  m_Pitch: 098d7a96145272e4999167d9c99abfe6
  m_Send: 00000000000000000000000000000000
  m_Effects:
  - {fileID: -2483671066756562040}
  m_UserColorIndex: 0
  m_Mute: 0
  m_Solo: 0
  m_BypassEffects: 0
--- !u!244 &-2483671066756562040
AudioMixerEffectController:
  m_ObjectHideFlags: 3
  m_CorrespondingSourceObject: {fileID: 0}
  m_PrefabInstance: {fileID: 0}
  m_PrefabAsset: {fileID: 0}
  m_Name: 
  m_EffectID: 10452210260d1174983b7688e66b81e6
  m_EffectName: Attenuation
  m_MixLevel: 86e443f8b0802ec43be59c3c044f7ca3
  m_Parameters: []
  m_SendTarget: {fileID: 0}
  m_EnableWetMix: 0
  m_Bypass: 0
--- !u!243 &-1153007449949364298
AudioMixerGroupController:
  m_ObjectHideFlags: 0
  m_CorrespondingSourceObject: {fileID: 0}
  m_PrefabInstance: {fileID: 0}
  m_PrefabAsset: {fileID: 0}
  m_Name: SFX
  m_AudioMixer: {fileID: 24100000}
  m_GroupID: 9f6ad766e1a350245868f707ce7e843e
  m_Children: []
  m_Volume: 30ab915ccc3835949bd7b97016943868
  m_Pitch: c3b06a6807cfd434dbf837c6ac24da91
  m_Send: 00000000000000000000000000000000
  m_Effects:
  - {fileID: 1242371625603144380}
  m_UserColorIndex: 0
  m_Mute: 0
  m_Solo: 0
  m_BypassEffects: 0
--- !u!241 &24100000
AudioMixerController:
  m_ObjectHideFlags: 0
  m_CorrespondingSourceObject: {fileID: 0}
  m_PrefabInstance: {fileID: 0}
  m_PrefabAsset: {fileID: 0}
  m_Name: MainMixer
  m_OutputGroup: {fileID: 0}
  m_MasterGroup: {fileID: 24300002}
  m_Snapshots:
  - {fileID: 24500006}
  m_StartSnapshot: {fileID: 24500006}
  m_SuspendThreshold: -80
  m_EnableSuspend: 1
  m_UpdateMode: 0
  m_ExposedParameters:
  - guid: e878f2febae8bf447a162bdaa8f89541
    name: Volume
  - guid: 4f82e172dcd9c2f4ca24375c1f163822
    name: MusicVolume
  - guid: 30ab915ccc3835949bd7b97016943868
    name: SfxVolume
  m_AudioMixerGroupViews:
  - guids:
    - 2f09e5066126d5e4ca90559b9a386ee4
    - d6f420f57e1a1f748b5fee2db4928256
    - 9f6ad766e1a350245868f707ce7e843e
    name: View
  m_CurrentViewIndex: 0
  m_TargetSnapshot: {fileID: 24500006}
--- !u!243 &24300002
AudioMixerGroupController:
  m_ObjectHideFlags: 0
  m_CorrespondingSourceObject: {fileID: 0}
  m_PrefabInstance: {fileID: 0}
  m_PrefabAsset: {fileID: 0}
  m_Name: Master
  m_AudioMixer: {fileID: 24100000}
  m_GroupID: 2f09e5066126d5e4ca90559b9a386ee4
  m_Children:
  - {fileID: -1153007449949364298}
  - {fileID: -8719935990539891267}
  m_Volume: e878f2febae8bf447a162bdaa8f89541
  m_Pitch: a1f2a470be22b8740b858c87d30cbb9e
  m_Send: 00000000000000000000000000000000
  m_Effects:
  - {fileID: 24400004}
  m_UserColorIndex: 0
  m_Mute: 0
  m_Solo: 0
  m_BypassEffects: 0
--- !u!244 &24400004
AudioMixerEffectController:
  m_ObjectHideFlags: 3
  m_CorrespondingSourceObject: {fileID: 0}
  m_PrefabInstance: {fileID: 0}
  m_PrefabAsset: {fileID: 0}
  m_Name: 
  m_EffectID: 81f488c59d643434d91bcc9a4eeb1b34
  m_EffectName: Attenuation
  m_MixLevel: a22f440b62a158e43883da5ad9d1d983
  m_Parameters: []
  m_SendTarget: {fileID: 0}
  m_EnableWetMix: 0
  m_Bypass: 0
--- !u!245 &24500006
AudioMixerSnapshotController:
  m_ObjectHideFlags: 0
  m_CorrespondingSourceObject: {fileID: 0}
  m_PrefabInstance: {fileID: 0}
  m_PrefabAsset: {fileID: 0}
  m_Name: Snapshot
  m_AudioMixer: {fileID: 24100000}
  m_SnapshotID: 7f6ddb2320e5c9e418d0f2cb81a25703
  m_FloatValues:
    4f82e172dcd9c2f4ca24375c1f163822: -10.345207
    e878f2febae8bf447a162bdaa8f89541: -40
  m_TransitionOverrides: {}
--- !u!244 &1242371625603144380
AudioMixerEffectController:
  m_ObjectHideFlags: 3
  m_CorrespondingSourceObject: {fileID: 0}
  m_PrefabInstance: {fileID: 0}
  m_PrefabAsset: {fileID: 0}
  m_Name: 
  m_EffectID: d7551733395e0b549997aea13b6b338e
  m_EffectName: Attenuation
  m_MixLevel: bc9bceaefcc53ff4992dd95542cdac27
  m_Parameters: []
  m_SendTarget: {fileID: 0}
  m_EnableWetMix: 0
  m_Bypass: 0
